@Manual{citeR,
    title = {R: A Language and Environment for Statistical Computing},
    author = {{R Core Team}},
    organization = {R Foundation for Statistical Computing},
    address = {Vienna, Austria},
    year = {2020},
    url = {https://www.R-project.org/},
  }
  
  
 @Manual{Datasource,
    title = {opendatatoronto: Access the City of Toronto Open Data Portal},
    author = {Sharla Gelfand},
    year = {2020},
    note = {R package version 0.1.4},
    url = {https://CRAN.R-project.org/package=opendatatoronto},
  }
  
  
@misc{datasource,
  author= {City Clerk's Office,
  title = {Marriage Licence Statistics},
  year = {2021},
  howpublished = {\url{https://open.toronto.ca/dataset/marriage-licence-statistics/}}

}

@misc{Define,
  title = {Marriage Certificates and Licenses: Everything You Need to Know},
  author= {Jamie Mackey, Kristi Kellogg},
  howpublished = "\url{https://www.brides.com/story/who-needs-to-sign-marriage-license}",
  year= 2020,
  note = "Accessed: 2021-1-30"

}


@misc{Popular,
  title = {The Top 5 Most Popular Wedding Months—and Why Couples Love ‘Em},
  author= {Kim Forrest},
  howpublished = "\url{https://www.weddingwire.com/wedding-ideas/most-popular-wedding-months#:~:text=Summer%20brings%20a%20time%20of,couples%20marrying%20in%20the%20summertime.}",
  year= 2020,
  note = "Accessed: 2021-1-30"

}





